@techreport{awea,
  title = {Wind Energy in Oklahoma},
  author = {American Wind Energy Association},
  institution = {AWEA},
  type = {Fact Sheet},
  year = {2018},
},


@techreport{lopez,
  author = {Anthony Lopez, Billy Roberts, Donna Heimiller, Nate Blair, and Gian Porro},
  title = {U.S. Renewable Energy Technical Potentials: A GIS-Based Analysis},
  institution = {National Renewable Energy Laboratory},
  type = {Working Paper},
  year = {2012}
},

@techreport{arndt,
  author = {Derek Arndt},
  title = {Oklahoma's Climate: An Overview},
  institution = {Oklahoma Mesonet},
  type = {Working Paper},
  year = {2012}
},

@article{stoms,
  author = {David M. Stoms, Stephanie L. Dashiell, Frank W. Davis},
  title = {Siting solar energy development to minimize biological impacts},
  journal = {Renewable Energy},
  volume = {57},
  pages = {289--298},
  year = {2013},
  doi = {https://doi.org/10.1016/j.renene.2013.01.055}
},

@article{brewer,
  author = {Justin Brewer, Daniel P. Ames, David Solan, Randy Lee, Juliet Carlisle},
  title = {Using GIS analytics and social preference data to evaluate utility-scale solar power site suitability},
  journal = {Renewable Energy},
  volume = {81},
  pages = {825--836},
  year = {2015},
  doi = {https://doi.org/10.1016/j.renene.2015.04.017}
},

@misc{mesonet,
  author = {Oklahoma Mesonet},
  title = {Past Data Request Form},
  institution = {Oklahoma Mesonet},
  type = {Data API},
  year = {2018}
},


@article{omitaomu,
  author = {Olufemi A. Omitaomu, Brandon R. Blevins, Warren C. Jochem, Gary T. Mays, Randy Belles, Stanton W. Hadley, Thomas J. Harrison, Budhendra L. Bhaduri, Bradley S. Neish, Amy N. Rose},
  title = {Adapting a GIS-based multicriteria decision analysis approach for evaluating new power generating sites},
  journal = {Applied Energy},
  year = {2012},
  volume = {96},
  pages = {292--301}
},

@techreport{seia,
  author = {Solar Energy Industries Association},
  title = {Solar Spotlight Oklahoma},
  institution = {SEIA},
  type = {Fact sheet},
  year = {2018}
},

@mastersthesis{tisza,
  author = {Kata Tisza},
  title = {GIS-based suitability modeling and multi-criteria decision analysis for utility scale solar plants in four states in the southeast US},
  school = {Clemson University},
  type = {Master's thesis},
  year = {2014}
},

@misc{census,
  author = {United States Census Bureau},
  title = {American FactFinder},
  institution = {US Census},
  type = {Data API},
  year = {2018}
},

@misc{ned,
  author = {United States Geological Survey},
  title = {National Elevation Dataset},
  institution = {USGS},
  type = {Data API},
  year = {2015}
},

@misc{landcover,
  author = {United States Geological Survey},
  title = {National Gap Analysis Project Land Cover Data Portal},
  institution = {USGS},
  type = {Data API},
  year = {2018}
},


@misc{wiki,
  author = {GIS Wiki},
  title = {Kriging},
  institution = {GIS Wiki},
  type = {Wiki},
  year = {2011}
},