@article{brewer,
  author =       "Justin Brewer, Daniel P. Ames, David Solan, Randy Lee, Juliette Carlisle",
  title =        "{Using GIS analytics and social preference data to evaluate utility-scale solar power site suitability}",
  journal =      "Renewable Energy",
  volume =       "81",
  number =       "",
  pages =        "825--836",
  year =         "2015",
  DOI =          "https://doi.org/10.1016/j.renene.2015.04.017"
}

@article{stoms,
  author =       "Stoms, Dashiell, Davis",
  title =        "{Siting solar energy development to minimize biological impacts}",
  journal =      "Renewable Energy",
  volume =       "57",
  number =       "",
  pages =        "289--298",
  year =         "2013",
  DOI =          "https://doi.org/10.1016/j.renene.2013.01.055"
}

@article{tisza,
  author =       "Kata Tisza",
  title =        "{GIS-BASED SUITABILITY MODELING AND MULTI-CRITERIA DECISION ANALYSIS FOR UTILITY SCALE SOLAR PLANTS IN FOUR STATES IN THE SOUTHEAST US}",
  journal =      "All Theses",
  volume =       "",
  number =       "",
  pages =        "",
  year =         "2014",
  DOI =          ""
}

@article{omitaomu,
  author =       "Olufemi A. Omitaomu, Brandon R. Blevinsa, Warren C. Jochema, Gary T. Mays, Randy Belles, Stanton W.Hadley, Thomas J.Harrison, Budhendra L. Bhaduri, Bradley S. Neish, Amy N.Rose",
  title =        "{Adapting a GIS-based multicriteria decision analysis approach for evaluating new power generating sites}",
  journal =      "Applied Energy",
  volume =       "96",
  number =       "",
  pages =        "292-301",
  year =         "2012",
  DOI =          "https://doi.org/10.1016/j.apenergy.2011.11.087"
}

